<?xml version='1.0' encoding='utf-8'?>
<record xmlns="http://www.loc.gov/MARC21/slim" xmlns:xsi="http://www.w3.org/2001/XMLSchema-instance">
  <leader>00000cas^a2200385^a^4500</leader>
  <controlfield tag="001">004726293</controlfield>
  <controlfield tag="005">20090605105018.0</controlfield>
  <controlfield tag="008">941019c19899999miuwr^n^^^^^^^0^^^^0eng^d</controlfield>
  <datafield tag="010" ind1=" " ind2=" ">
    <subfield code="a">sn 97063364</subfield>
  </datafield>
  <datafield tag="035" ind1=" " ind2=" ">
    <subfield code="a">(OCoLC)ocm31313470</subfield>
  </datafield>
  <datafield tag="040" ind1=" " ind2=" ">
    <subfield code="a">EEM</subfield>
    <subfield code="c">EEM</subfield>
    <subfield code="d">MHN</subfield>
    <subfield code="d">OCL</subfield>
    <subfield code="d">OCLCQ</subfield>
    <subfield code="d">BEU</subfield>
    <subfield code="d">MiU-H</subfield>
  </datafield>
  <datafield tag="041" ind1="0" ind2=" ">
    <subfield code="a">engspa</subfield>
  </datafield>
  <datafield tag="042" ind1=" " ind2=" ">
    <subfield code="a">lcd</subfield>
  </datafield>
  <datafield tag="043" ind1=" " ind2=" ">
    <subfield code="a">n-us-mi</subfield>
    <subfield code="a">n-us-oh</subfield>
    <subfield code="a">n-us-in</subfield>
  </datafield>
  <datafield tag="049" ind1="2" ind2="1">
    <subfield code="a">BEUA</subfield>
  </datafield>
  <datafield tag="090" ind1=" " ind2=" ">
    <subfield code="a">E184.S75</subfield>
    <subfield code="b">C4</subfield>
  </datafield>
  <datafield tag="099" ind1=" " ind2=" ">
    <subfield code="a">0481</subfield>
    <subfield code="a">Aa</subfield>
    <subfield code="a">2</subfield>
  </datafield>
  <datafield tag="130" ind1="0" ind2=" ">
    <subfield code="a">Central (Detroit, Mich.)</subfield>
  </datafield>
  <datafield tag="222" ind1=" " ind2="0">
    <subfield code="a">Central.</subfield>
  </datafield>
  <datafield tag="245" ind1="0" ind2="3">
    <subfield code="a">El central.</subfield>
  </datafield>
  <datafield tag="260" ind1=" " ind2=" ">
    <subfield code="a">Detroit, Mich. :</subfield>
    <subfield code="b">Sanchez Communications,</subfield>
    <subfield code="c">1989-</subfield>
  </datafield>
  <datafield tag="300" ind1=" " ind2=" ">
    <subfield code="a">v. :</subfield>
    <subfield code="b">ill. ;</subfield>
    <subfield code="c">45 cm.</subfield>
  </datafield>
  <datafield tag="310" ind1=" " ind2=" ">
    <subfield code="a">Weekly</subfield>
  </datafield>
  <datafield tag="321" ind1=" " ind2=" ">
    <subfield code="a">Biweekly,</subfield>
    <subfield code="b">Aug.17, 1989-&lt;Feb.1, 1990&gt;</subfield>
  </datafield>
  <datafield tag="340" ind1=" " ind2=" ">
    <subfield code="a">In Spanish and English</subfield>
  </datafield>
  <datafield tag="362" ind1="0" ind2=" ">
    <subfield code="a">Aug.17, 1989-</subfield>
  </datafield>
  <datafield tag="500" ind1=" " ind2=" ">
    <subfield code="a">"Serving the Michigan Hispanic community."--1989.</subfield>
  </datafield>
  <datafield tag="500" ind1=" " ind2=" ">
    <subfield code="a">"Serving the tri-state Hispanic communities."</subfield>
  </datafield>
  <datafield tag="650" ind1=" " ind2="0">
    <subfield code="a">Hispanic Americans</subfield>
    <subfield code="z">Michigan</subfield>
    <subfield code="v">Newspapers.</subfield>
  </datafield>
  <datafield tag="650" ind1=" " ind2="0">
    <subfield code="a">Hispanic Americans</subfield>
    <subfield code="z">Ohio</subfield>
    <subfield code="v">Newspapers.</subfield>
  </datafield>
  <datafield tag="650" ind1=" " ind2="0">
    <subfield code="a">Hispanic Americans</subfield>
    <subfield code="z">Indiana</subfield>
    <subfield code="v">Newspapers.</subfield>
  </datafield>
  <datafield tag="651" ind1=" " ind2="0">
    <subfield code="a">Detroit (Mich.)</subfield>
    <subfield code="v">Newspapers.</subfield>
  </datafield>
  <datafield tag="651" ind1=" " ind2="0">
    <subfield code="a">Wayne County (Mich.)</subfield>
    <subfield code="v">Newspapers.</subfield>
  </datafield>
  <datafield tag="752" ind1=" " ind2=" ">
    <subfield code="a">United States</subfield>
    <subfield code="b">Michigan</subfield>
    <subfield code="c">Wayne</subfield>
    <subfield code="d">Detroit.</subfield>
  </datafield>
  <datafield tag="852" ind1="8" ind2=" ">
    <subfield code="a">MiU-H</subfield>
    <subfield code="b">BENT</subfield>
    <subfield code="h">0611 Aa 2</subfield>
  </datafield>
  <datafield tag="997" ind1=" " ind2=" ">
    <subfield code="a">MARS</subfield>
  </datafield>
  <datafield tag="998" ind1=" " ind2=" ">
    <subfield code="a">LAC</subfield>
  </datafield>
  <datafield tag="HOL" ind1="8" ind2=" ">
    <subfield code="a">MiU-H</subfield>
    <subfield code="b">BENT</subfield>
    <subfield code="h">0481 Aa 2</subfield>
    <subfield code="s">08</subfield>
    <subfield code="t">8</subfield>
    <subfield code="m">ISSUE</subfield>
    <subfield code="d">OCLC</subfield>
    <subfield code="x">20040726</subfield>
  </datafield>
  <datafield tag="955" ind1=" " ind2=" ">
    <subfield code="b">BENT</subfield>
    <subfield code="p">4726293-1000</subfield>
    <subfield code="z">v.17:no.3(2005:Nov. 17)</subfield>
  </datafield>
  <datafield tag="955" ind1=" " ind2=" ">
    <subfield code="b">BENT</subfield>
    <subfield code="p">4726293-1010</subfield>
    <subfield code="z">v.17:no.4(2005:Nov. 24)</subfield>
  </datafield>
  <datafield tag="955" ind1=" " ind2=" ">
    <subfield code="b">BENT</subfield>
    <subfield code="p">4726293-1020</subfield>
    <subfield code="z">v.17:no.5(2005:Dec. 01)</subfield>
  </datafield>
  <datafield tag="955" ind1=" " ind2=" ">
    <subfield code="b">BENT</subfield>
    <subfield code="p">4726293-1030</subfield>
    <subfield code="z">v.17:no.6(2005:Dec. 08)</subfield>
  </datafield>
  <datafield tag="955" ind1=" " ind2=" ">
    <subfield code="b">BENT</subfield>
    <subfield code="p">4726293-1050</subfield>
    <subfield code="z">v.17:no.8(2005:Dec. 22)</subfield>
  </datafield>
  <datafield tag="955" ind1=" " ind2=" ">
    <subfield code="b">BENT</subfield>
    <subfield code="p">4726293-1060</subfield>
    <subfield code="z">v.17:no.9(2005:Dec. 29)</subfield>
  </datafield>
  <datafield tag="955" ind1=" " ind2=" ">
    <subfield code="b">BENT</subfield>
    <subfield code="p">4726293-1080</subfield>
    <subfield code="z">v.17:no.10(2006:Jan. 05)</subfield>
  </datafield>
  <datafield tag="955" ind1=" " ind2=" ">
    <subfield code="b">BENT</subfield>
    <subfield code="p">4726293-1090</subfield>
    <subfield code="z">v.17:no.11(2006:Jan. 12)</subfield>
  </datafield>
  <datafield tag="955" ind1=" " ind2=" ">
    <subfield code="b">BENT</subfield>
    <subfield code="p">4726293-1100</subfield>
    <subfield code="z">v.17:no.12(2006:Jan. 19)</subfield>
  </datafield>
  <datafield tag="955" ind1=" " ind2=" ">
    <subfield code="b">BENT</subfield>
    <subfield code="p">4726293-1110</subfield>
    <subfield code="z">v.17:no.13(2006:Jan. 26)</subfield>
  </datafield>
  <datafield tag="955" ind1=" " ind2=" ">
    <subfield code="b">BENT</subfield>
    <subfield code="p">4726293-1120</subfield>
    <subfield code="z">v.17:no.14(2006:Feb. 02)</subfield>
  </datafield>
  <datafield tag="955" ind1=" " ind2=" ">
    <subfield code="b">BENT</subfield>
    <subfield code="p">4726293-1130</subfield>
    <subfield code="z">v.17:no.15(2006:Feb. 09)</subfield>
  </datafield>
  <datafield tag="955" ind1=" " ind2=" ">
    <subfield code="b">BENT</subfield>
    <subfield code="p">4726293-1140</subfield>
    <subfield code="z">v.17:no.16(2006:Feb. 16)</subfield>
  </datafield>
  <datafield tag="955" ind1=" " ind2=" ">
    <subfield code="b">BENT</subfield>
    <subfield code="p">4726293-1150</subfield>
    <subfield code="z">v.17:no.17(2006:Feb. 23)</subfield>
  </datafield>
  <datafield tag="955" ind1=" " ind2=" ">
    <subfield code="b">BENT</subfield>
    <subfield code="p">4726293-1160</subfield>
    <subfield code="z">v.17:no.18(2006:Mar. 02)</subfield>
  </datafield>
  <datafield tag="955" ind1=" " ind2=" ">
    <subfield code="b">BENT</subfield>
    <subfield code="p">4726293-1170</subfield>
    <subfield code="z">v.17:no.19(2006:Mar. 09)</subfield>
  </datafield>
  <datafield tag="955" ind1=" " ind2=" ">
    <subfield code="b">BENT</subfield>
    <subfield code="p">4726293-1180</subfield>
    <subfield code="z">v.17:no.20(2006:Mar. 16)</subfield>
  </datafield>
  <datafield tag="955" ind1=" " ind2=" ">
    <subfield code="b">BENT</subfield>
    <subfield code="p">4726293-1190</subfield>
    <subfield code="z">v.17:no.21(2006:Mar. 23)</subfield>
  </datafield>
  <datafield tag="955" ind1=" " ind2=" ">
    <subfield code="b">BENT</subfield>
    <subfield code="p">4726293-1200</subfield>
    <subfield code="z">v.17:no.22(2006:Mar. 30)</subfield>
  </datafield>
  <datafield tag="955" ind1=" " ind2=" ">
    <subfield code="b">BENT</subfield>
    <subfield code="p">4726293-1210</subfield>
    <subfield code="z">v.17:no.23(2006:April 06)</subfield>
  </datafield>
  <datafield tag="955" ind1=" " ind2=" ">
    <subfield code="b">BENT</subfield>
    <subfield code="p">4726293-1220</subfield>
    <subfield code="z">v.17:no.24(2006:April 13)</subfield>
  </datafield>
  <datafield tag="955" ind1=" " ind2=" ">
    <subfield code="b">BENT</subfield>
    <subfield code="p">4726293-1230</subfield>
    <subfield code="z">v.17:no.25(2006:April 20)</subfield>
  </datafield>
  <datafield tag="955" ind1=" " ind2=" ">
    <subfield code="b">BENT</subfield>
    <subfield code="p">4726293-1240</subfield>
    <subfield code="z">v.17:no.26(2006:April 27)</subfield>
  </datafield>
  <datafield tag="955" ind1=" " ind2=" ">
    <subfield code="b">BENT</subfield>
    <subfield code="p">4726293-1250</subfield>
    <subfield code="z">v.17:no.27(2006:May 04)</subfield>
  </datafield>
  <datafield tag="955" ind1=" " ind2=" ">
    <subfield code="b">BENT</subfield>
    <subfield code="p">4726293-1260</subfield>
    <subfield code="z">v.17:no.28(2006:May 11)</subfield>
  </datafield>
  <datafield tag="955" ind1=" " ind2=" ">
    <subfield code="b">BENT</subfield>
    <subfield code="p">4726293-1270</subfield>
    <subfield code="z">v.17:no.29(2006:May 18)</subfield>
  </datafield>
  <datafield tag="955" ind1=" " ind2=" ">
    <subfield code="b">BENT</subfield>
    <subfield code="p">4726293-1280</subfield>
    <subfield code="z">v.17:no.30(2006:May 25)</subfield>
  </datafield>
  <datafield tag="955" ind1=" " ind2=" ">
    <subfield code="b">BENT</subfield>
    <subfield code="p">4726293-1290</subfield>
    <subfield code="z">v.17:no.31(2006:Jun. 01)</subfield>
  </datafield>
  <datafield tag="955" ind1=" " ind2=" ">
    <subfield code="b">BENT</subfield>
    <subfield code="p">4726293-1300</subfield>
    <subfield code="z">v.17:no.32(2006:Jun. 08)</subfield>
  </datafield>
  <datafield tag="955" ind1=" " ind2=" ">
    <subfield code="b">BENT</subfield>
    <subfield code="p">4726293-1310</subfield>
    <subfield code="z">v.17:no.33(2006:Jun. 15)</subfield>
  </datafield>
  <datafield tag="955" ind1=" " ind2=" ">
    <subfield code="b">BENT</subfield>
    <subfield code="p">4726293-1320</subfield>
    <subfield code="z">v.17:no.34(2006:Jun. 22)</subfield>
  </datafield>
  <datafield tag="955" ind1=" " ind2=" ">
    <subfield code="b">BENT</subfield>
    <subfield code="p">4726293-1330</subfield>
    <subfield code="z">v.17:no.35(2006:Jun. 29)</subfield>
  </datafield>
  <datafield tag="955" ind1=" " ind2=" ">
    <subfield code="b">BENT</subfield>
    <subfield code="p">4726293-1340</subfield>
    <subfield code="z">v.17:no.36(2006:Jul. 06)</subfield>
  </datafield>
  <datafield tag="955" ind1=" " ind2=" ">
    <subfield code="b">BENT</subfield>
    <subfield code="p">4726293-1350</subfield>
    <subfield code="z">v.17:no.37(2006:Jul. 13)</subfield>
  </datafield>
  <datafield tag="955" ind1=" " ind2=" ">
    <subfield code="b">BENT</subfield>
    <subfield code="p">4726293-1360</subfield>
    <subfield code="z">v.17:no.38(2006:Jul. 20)</subfield>
  </datafield>
  <datafield tag="955" ind1=" " ind2=" ">
    <subfield code="b">BENT</subfield>
    <subfield code="p">4726293-1370</subfield>
    <subfield code="z">v.17:no.39(2006:Jul. 27)</subfield>
  </datafield>
  <datafield tag="955" ind1=" " ind2=" ">
    <subfield code="b">BENT</subfield>
    <subfield code="p">4726293-1380</subfield>
    <subfield code="z">v.17:no.40(2006:Aug. 03)</subfield>
  </datafield>
  <datafield tag="955" ind1=" " ind2=" ">
    <subfield code="b">BENT</subfield>
    <subfield code="p">4726293-1390</subfield>
    <subfield code="z">v.17:no.41(2006:Aug. 10)</subfield>
  </datafield>
  <datafield tag="955" ind1=" " ind2=" ">
    <subfield code="b">BENT</subfield>
    <subfield code="p">4726293-1400</subfield>
    <subfield code="z">v.17:no.42(2006:Aug. 17)</subfield>
  </datafield>
  <datafield tag="955" ind1=" " ind2=" ">
    <subfield code="b">BENT</subfield>
    <subfield code="p">4726293-1410</subfield>
    <subfield code="z">v.17:no.43(2006:Aug. 24)</subfield>
  </datafield>
  <datafield tag="955" ind1=" " ind2=" ">
    <subfield code="b">BENT</subfield>
    <subfield code="p">4726293-1420</subfield>
    <subfield code="z">v.17:no.44(2006:Sep. 07)</subfield>
  </datafield>
  <datafield tag="955" ind1=" " ind2=" ">
    <subfield code="b">BENT</subfield>
    <subfield code="p">4726293-1430</subfield>
    <subfield code="z">v.17:no.45(2006:Sep. 14)</subfield>
  </datafield>
  <datafield tag="955" ind1=" " ind2=" ">
    <subfield code="b">BENT</subfield>
    <subfield code="p">4726293-1440</subfield>
    <subfield code="z">v.17:no.46(2006:Sep. 21)</subfield>
  </datafield>
  <datafield tag="955" ind1=" " ind2=" ">
    <subfield code="b">BENT</subfield>
    <subfield code="p">4726293-1450</subfield>
    <subfield code="z">v.17:no.47(2006:Sep. 28)</subfield>
  </datafield>
  <datafield tag="955" ind1=" " ind2=" ">
    <subfield code="b">BENT</subfield>
    <subfield code="p">4726293-1460</subfield>
    <subfield code="z">v.17:no.48(2006:Oct. 05)</subfield>
  </datafield>
  <datafield tag="955" ind1=" " ind2=" ">
    <subfield code="b">BENT</subfield>
    <subfield code="p">4726293-1470</subfield>
    <subfield code="z">v.17:no.49(2006:Oct. 12)</subfield>
  </datafield>
  <datafield tag="955" ind1=" " ind2=" ">
    <subfield code="b">BENT</subfield>
    <subfield code="p">4726293-1480</subfield>
    <subfield code="z">v.17:no.50(2006:Oct. 19)</subfield>
  </datafield>
  <datafield tag="955" ind1=" " ind2=" ">
    <subfield code="b">BENT</subfield>
    <subfield code="p">4726293-1490</subfield>
    <subfield code="z">v.17:no.51(2006:Oct. 26)</subfield>
  </datafield>
  <datafield tag="955" ind1=" " ind2=" ">
    <subfield code="b">BENT</subfield>
    <subfield code="p">4726293-1500</subfield>
    <subfield code="z">v.17:no.52(2006:Nov. 02)</subfield>
  </datafield>
  <datafield tag="955" ind1=" " ind2=" ">
    <subfield code="b">BENT</subfield>
    <subfield code="p">4726293-2120</subfield>
    <subfield code="z">v.18:no.1(2006:Nov. 09)</subfield>
  </datafield>
  <datafield tag="955" ind1=" " ind2=" ">
    <subfield code="b">BENT</subfield>
    <subfield code="p">4726293-2130</subfield>
    <subfield code="z">v.18:no.2(2006:Nov. 16)</subfield>
  </datafield>
  <datafield tag="955" ind1=" " ind2=" ">
    <subfield code="b">BENT</subfield>
    <subfield code="p">4726293-2140</subfield>
    <subfield code="z">v.18:no.3(2006:Nov. 23)</subfield>
  </datafield>
  <datafield tag="955" ind1=" " ind2=" ">
    <subfield code="b">BENT</subfield>
    <subfield code="p">4726293-2150</subfield>
    <subfield code="z">v.18:no.4(2006:Nov. 30)</subfield>
  </datafield>
  <datafield tag="955" ind1=" " ind2=" ">
    <subfield code="b">BENT</subfield>
    <subfield code="p">4726293-2160</subfield>
    <subfield code="z">v.18:no.5(2006:Dec. 07)</subfield>
  </datafield>
  <datafield tag="955" ind1=" " ind2=" ">
    <subfield code="b">BENT</subfield>
    <subfield code="p">4726293-2170</subfield>
    <subfield code="z">v.18:no.6(2006:Dec. 14)</subfield>
  </datafield>
  <datafield tag="955" ind1=" " ind2=" ">
    <subfield code="b">BENT</subfield>
    <subfield code="p">4726293-2180</subfield>
    <subfield code="z">v.18:no.6(2006:Dec. 21)</subfield>
  </datafield>
  <datafield tag="955" ind1=" " ind2=" ">
    <subfield code="b">BENT</subfield>
    <subfield code="p">4726293-2190</subfield>
    <subfield code="z">v.18:no.7(2006:Dec. 28)</subfield>
  </datafield>
  <datafield tag="955" ind1=" " ind2=" ">
    <subfield code="b">BENT</subfield>
    <subfield code="p">4726293-2200</subfield>
    <subfield code="z">v.18:no.9(2007:Jan. 04)</subfield>
  </datafield>
  <datafield tag="955" ind1=" " ind2=" ">
    <subfield code="b">BENT</subfield>
    <subfield code="p">4726293-2210</subfield>
    <subfield code="z">v.18:no.10(2007:Jan. 11)</subfield>
  </datafield>
  <datafield tag="955" ind1=" " ind2=" ">
    <subfield code="b">BENT</subfield>
    <subfield code="p">4726293-2220</subfield>
    <subfield code="z">v.18:no.11(2007:Jan. 18)</subfield>
  </datafield>
  <datafield tag="955" ind1=" " ind2=" ">
    <subfield code="b">BENT</subfield>
    <subfield code="p">4726293-2230</subfield>
    <subfield code="z">v.18:no.12(2007:Jan. 25)</subfield>
  </datafield>
  <datafield tag="955" ind1=" " ind2=" ">
    <subfield code="b">BENT</subfield>
    <subfield code="p">4726293-2240</subfield>
    <subfield code="z">v.18:no.13(2007:Feb. 01)</subfield>
  </datafield>
  <datafield tag="955" ind1=" " ind2=" ">
    <subfield code="b">BENT</subfield>
    <subfield code="p">4726293-2250</subfield>
    <subfield code="z">v.18:no.14(2007:Feb. 08)</subfield>
  </datafield>
  <datafield tag="955" ind1=" " ind2=" ">
    <subfield code="b">BENT</subfield>
    <subfield code="p">4726293-2260</subfield>
    <subfield code="z">v.18:no.15(2007:Feb. 15)</subfield>
  </datafield>
  <datafield tag="955" ind1=" " ind2=" ">
    <subfield code="b">BENT</subfield>
    <subfield code="p">4726293-2270</subfield>
    <subfield code="z">v.18:no.16(2007:Feb. 22)</subfield>
  </datafield>
  <datafield tag="955" ind1=" " ind2=" ">
    <subfield code="b">BENT</subfield>
    <subfield code="p">4726293-2280</subfield>
    <subfield code="z">v.18:no.17(2007:Mar. 01)</subfield>
  </datafield>
  <datafield tag="955" ind1=" " ind2=" ">
    <subfield code="b">BENT</subfield>
    <subfield code="p">4726293-2290</subfield>
    <subfield code="z">v.18:no.18(2007:Mar. 08)</subfield>
  </datafield>
  <datafield tag="955" ind1=" " ind2=" ">
    <subfield code="b">BENT</subfield>
    <subfield code="p">4726293-2300</subfield>
    <subfield code="z">v.18:no.19(2007:Mar. 15)</subfield>
  </datafield>
  <datafield tag="955" ind1=" " ind2=" ">
    <subfield code="b">BENT</subfield>
    <subfield code="p">4726293-2310</subfield>
    <subfield code="z">v.18:no.20(2007:Mar. 22)</subfield>
  </datafield>
  <datafield tag="955" ind1=" " ind2=" ">
    <subfield code="b">BENT</subfield>
    <subfield code="p">4726293-2320</subfield>
    <subfield code="z">v.18:no.21(2007:Mar. 29)</subfield>
  </datafield>
  <datafield tag="955" ind1=" " ind2=" ">
    <subfield code="b">BENT</subfield>
    <subfield code="p">4726293-2330</subfield>
    <subfield code="z">v.18:no.22(2007:April 05)</subfield>
  </datafield>
  <datafield tag="955" ind1=" " ind2=" ">
    <subfield code="b">BENT</subfield>
    <subfield code="p">4726293-2340</subfield>
    <subfield code="z">v.18:no.23(2007:April 12)</subfield>
  </datafield>
  <datafield tag="955" ind1=" " ind2=" ">
    <subfield code="b">BENT</subfield>
    <subfield code="p">4726293-2350</subfield>
    <subfield code="z">v.18:no.24(2007:April 19)</subfield>
  </datafield>
  <datafield tag="955" ind1=" " ind2=" ">
    <subfield code="b">BENT</subfield>
    <subfield code="p">4726293-2360</subfield>
    <subfield code="z">v.18:no.25(2007:April 26)</subfield>
  </datafield>
  <datafield tag="955" ind1=" " ind2=" ">
    <subfield code="b">BENT</subfield>
    <subfield code="p">4726293-2370</subfield>
    <subfield code="z">v.18:no.26(2007:May 03)</subfield>
  </datafield>
  <datafield tag="955" ind1=" " ind2=" ">
    <subfield code="b">BENT</subfield>
    <subfield code="p">4726293-2380</subfield>
    <subfield code="z">v.18:no.27(2007:May 10)</subfield>
  </datafield>
  <datafield tag="955" ind1=" " ind2=" ">
    <subfield code="b">BENT</subfield>
    <subfield code="p">4726293-2390</subfield>
    <subfield code="z">v.18:no.28(2007:May 17)</subfield>
  </datafield>
  <datafield tag="955" ind1=" " ind2=" ">
    <subfield code="b">BENT</subfield>
    <subfield code="p">4726293-2400</subfield>
    <subfield code="z">v.18:no.29(2007:May 24)</subfield>
  </datafield>
  <datafield tag="955" ind1=" " ind2=" ">
    <subfield code="b">BENT</subfield>
    <subfield code="p">4726293-2410</subfield>
    <subfield code="z">v.18:no.30(2007:May 31)</subfield>
  </datafield>
  <datafield tag="955" ind1=" " ind2=" ">
    <subfield code="b">BENT</subfield>
    <subfield code="p">4726293-2420</subfield>
    <subfield code="z">v.18:no.31(2007:Jun. 07)</subfield>
  </datafield>
  <datafield tag="955" ind1=" " ind2=" ">
    <subfield code="b">BENT</subfield>
    <subfield code="p">4726293-2430</subfield>
    <subfield code="z">v.18:no.32(2007:Jun. 14)</subfield>
  </datafield>
  <datafield tag="955" ind1=" " ind2=" ">
    <subfield code="b">BENT</subfield>
    <subfield code="p">4726293-2440</subfield>
    <subfield code="z">v.18:no.33(2007:Jun. 21)</subfield>
  </datafield>
  <datafield tag="955" ind1=" " ind2=" ">
    <subfield code="b">BENT</subfield>
    <subfield code="p">4726293-2450</subfield>
    <subfield code="z">v.18:no.34(2007:Jun. 28)</subfield>
  </datafield>
  <datafield tag="955" ind1=" " ind2=" ">
    <subfield code="b">BENT</subfield>
    <subfield code="p">4726293-2460</subfield>
    <subfield code="z">v.18:no.35(2007:Jul. 05)</subfield>
  </datafield>
  <datafield tag="955" ind1=" " ind2=" ">
    <subfield code="b">BENT</subfield>
    <subfield code="p">4726293-2470</subfield>
    <subfield code="z">v.18:no.36(2007:Jul. 12)</subfield>
  </datafield>
  <datafield tag="955" ind1=" " ind2=" ">
    <subfield code="b">BENT</subfield>
    <subfield code="p">4726293-2480</subfield>
    <subfield code="z">v.18:no.37(2007:Jul. 19)</subfield>
  </datafield>
  <datafield tag="955" ind1=" " ind2=" ">
    <subfield code="b">BENT</subfield>
    <subfield code="p">4726293-2490</subfield>
    <subfield code="z">v.18:no.38(2007:Jul. 26)</subfield>
  </datafield>
  <datafield tag="955" ind1=" " ind2=" ">
    <subfield code="b">BENT</subfield>
    <subfield code="p">4726293-2500</subfield>
    <subfield code="z">v.18:no.39(2007:Aug. 02)</subfield>
  </datafield>
  <datafield tag="955" ind1=" " ind2=" ">
    <subfield code="b">BENT</subfield>
    <subfield code="p">4726293-2510</subfield>
    <subfield code="z">v.18:no.40(2007:Aug. 09)</subfield>
  </datafield>
  <datafield tag="955" ind1=" " ind2=" ">
    <subfield code="b">BENT</subfield>
    <subfield code="p">4726293-2520</subfield>
    <subfield code="z">v.18:no.41(2007:Aug. 16)</subfield>
  </datafield>
  <datafield tag="955" ind1=" " ind2=" ">
    <subfield code="b">BENT</subfield>
    <subfield code="p">4726293-2530</subfield>
    <subfield code="z">v.18:no.42(2007:Aug. 23)</subfield>
  </datafield>
  <datafield tag="955" ind1=" " ind2=" ">
    <subfield code="b">BENT</subfield>
    <subfield code="p">4726293-2540</subfield>
    <subfield code="z">v.18:no.43(2007:Aug. 30)</subfield>
  </datafield>
  <datafield tag="955" ind1=" " ind2=" ">
    <subfield code="b">BENT</subfield>
    <subfield code="p">4726293-2550</subfield>
    <subfield code="z">v.18:no.44(2007:Sep. 06)</subfield>
  </datafield>
  <datafield tag="955" ind1=" " ind2=" ">
    <subfield code="b">BENT</subfield>
    <subfield code="p">4726293-2560</subfield>
    <subfield code="z">v.18:no.45(2007:Sep. 13)</subfield>
  </datafield>
  <datafield tag="955" ind1=" " ind2=" ">
    <subfield code="b">BENT</subfield>
    <subfield code="p">4726293-2570</subfield>
    <subfield code="z">v.18:no.46(2007:Sep. 20)</subfield>
  </datafield>
  <datafield tag="955" ind1=" " ind2=" ">
    <subfield code="b">BENT</subfield>
    <subfield code="p">4726293-2580</subfield>
    <subfield code="z">v.18:no.47(2007:Sep. 27)</subfield>
  </datafield>
  <datafield tag="955" ind1=" " ind2=" ">
    <subfield code="b">BENT</subfield>
    <subfield code="p">4726293-2590</subfield>
    <subfield code="z">v.18:no.48(2007:Oct. 04)</subfield>
  </datafield>
  <datafield tag="955" ind1=" " ind2=" ">
    <subfield code="b">BENT</subfield>
    <subfield code="p">4726293-2600</subfield>
    <subfield code="z">v.18:no.49(2007:Oct. 11)</subfield>
  </datafield>
  <datafield tag="955" ind1=" " ind2=" ">
    <subfield code="b">BENT</subfield>
    <subfield code="p">4726293-2610</subfield>
    <subfield code="z">v.18:no.50(2007:Oct. 18)</subfield>
  </datafield>
  <datafield tag="955" ind1=" " ind2=" ">
    <subfield code="b">BENT</subfield>
    <subfield code="p">4726293-2620</subfield>
    <subfield code="z">v.18:no.51(2007:Oct. 25)</subfield>
  </datafield>
  <datafield tag="955" ind1=" " ind2=" ">
    <subfield code="b">BENT</subfield>
    <subfield code="p">4726293-2630</subfield>
    <subfield code="z">v.18:no.52(2007:Nov. 01)</subfield>
  </datafield>
  <datafield tag="955" ind1=" " ind2=" ">
    <subfield code="b">BENT</subfield>
    <subfield code="p">4726293-280</subfield>
    <subfield code="z">v.15:no.35(2004:Jul. 01)</subfield>
  </datafield>
  <datafield tag="955" ind1=" " ind2=" ">
    <subfield code="b">BENT</subfield>
    <subfield code="p">4726293-290</subfield>
    <subfield code="z">v.15:no.36(2004:Jul. 08)</subfield>
  </datafield>
  <datafield tag="955" ind1=" " ind2=" ">
    <subfield code="b">BENT</subfield>
    <subfield code="p">4726293-300</subfield>
    <subfield code="z">v.15:no.37(2004:Jul. 15)</subfield>
  </datafield>
  <datafield tag="955" ind1=" " ind2=" ">
    <subfield code="b">BENT</subfield>
    <subfield code="p">4726293-310</subfield>
    <subfield code="z">v.15:no.38(2004:Jul. 22)</subfield>
  </datafield>
  <datafield tag="955" ind1=" " ind2=" ">
    <subfield code="b">BENT</subfield>
    <subfield code="p">4726293-320</subfield>
    <subfield code="z">v.15:no.39(2004:Jul. 29)</subfield>
  </datafield>
  <datafield tag="955" ind1=" " ind2=" ">
    <subfield code="b">BENT</subfield>
    <subfield code="p">4726293-330</subfield>
    <subfield code="z">v.15:no.40(2004:Aug. 05)</subfield>
  </datafield>
  <datafield tag="955" ind1=" " ind2=" ">
    <subfield code="b">BENT</subfield>
    <subfield code="p">4726293-340</subfield>
    <subfield code="z">v.15:no.41(2004:Aug. 12)</subfield>
  </datafield>
  <datafield tag="955" ind1=" " ind2=" ">
    <subfield code="b">BENT</subfield>
    <subfield code="p">4726293-350</subfield>
    <subfield code="z">v.15:no.42(2004:Aug. 19)</subfield>
  </datafield>
  <datafield tag="955" ind1=" " ind2=" ">
    <subfield code="b">BENT</subfield>
    <subfield code="p">4726293-360</subfield>
    <subfield code="z">v.15:no.43(2004:Aug. 26)</subfield>
  </datafield>
  <datafield tag="955" ind1=" " ind2=" ">
    <subfield code="b">BENT</subfield>
    <subfield code="p">4726293-370</subfield>
    <subfield code="z">v.15:no.44(2004:Sep. 02)</subfield>
  </datafield>
  <datafield tag="955" ind1=" " ind2=" ">
    <subfield code="b">BENT</subfield>
    <subfield code="p">4726293-380</subfield>
    <subfield code="z">v.15:no.45(2004:Sep. 09)</subfield>
  </datafield>
  <datafield tag="955" ind1=" " ind2=" ">
    <subfield code="b">BENT</subfield>
    <subfield code="p">4726293-390</subfield>
    <subfield code="z">v.15:no.46(2004:Sep. 16)</subfield>
  </datafield>
  <datafield tag="955" ind1=" " ind2=" ">
    <subfield code="b">BENT</subfield>
    <subfield code="p">4726293-400</subfield>
    <subfield code="z">v.15:no.47(2004:Sep. 23)</subfield>
  </datafield>
  <datafield tag="955" ind1=" " ind2=" ">
    <subfield code="b">BENT</subfield>
    <subfield code="p">4726293-410</subfield>
    <subfield code="z">v.15:no.48(2004:Sep. 30)</subfield>
  </datafield>
  <datafield tag="955" ind1=" " ind2=" ">
    <subfield code="b">BENT</subfield>
    <subfield code="p">4726293-420</subfield>
    <subfield code="z">v.15:no.49(2004:Oct. 07)</subfield>
  </datafield>
  <datafield tag="955" ind1=" " ind2=" ">
    <subfield code="b">BENT</subfield>
    <subfield code="p">4726293-430</subfield>
    <subfield code="z">v.15:no.50(2004:Oct. 14)</subfield>
  </datafield>
  <datafield tag="955" ind1=" " ind2=" ">
    <subfield code="b">BENT</subfield>
    <subfield code="p">4726293-440</subfield>
    <subfield code="z">v.15:no.51(2004:Oct. 21)</subfield>
  </datafield>
  <datafield tag="955" ind1=" " ind2=" ">
    <subfield code="b">BENT</subfield>
    <subfield code="p">4726293-450</subfield>
    <subfield code="z">v.15:no.52(2004:Oct. 28)</subfield>
  </datafield>
  <datafield tag="955" ind1=" " ind2=" ">
    <subfield code="b">BENT</subfield>
    <subfield code="p">4726293-460</subfield>
    <subfield code="z">v.16:no.1(2004:Nov. 04)</subfield>
  </datafield>
  <datafield tag="955" ind1=" " ind2=" ">
    <subfield code="b">BENT</subfield>
    <subfield code="p">4726293-470</subfield>
    <subfield code="z">v.16:no.2(2004:Nov. 11)</subfield>
  </datafield>
  <datafield tag="955" ind1=" " ind2=" ">
    <subfield code="b">BENT</subfield>
    <subfield code="p">4726293-480</subfield>
    <subfield code="z">v.16:no.3(2004:Nov. 18)</subfield>
  </datafield>
  <datafield tag="955" ind1=" " ind2=" ">
    <subfield code="b">BENT</subfield>
    <subfield code="p">4726293-490</subfield>
    <subfield code="z">v.16:no.4(2004:Nov. 25)</subfield>
  </datafield>
  <datafield tag="955" ind1=" " ind2=" ">
    <subfield code="b">BENT</subfield>
    <subfield code="p">4726293-500</subfield>
    <subfield code="z">v.16:no.5(2004:Dec. 02)</subfield>
  </datafield>
  <datafield tag="955" ind1=" " ind2=" ">
    <subfield code="b">BENT</subfield>
    <subfield code="p">4726293-510</subfield>
    <subfield code="z">v.16:no.6(2004:Dec. 09)</subfield>
  </datafield>
  <datafield tag="955" ind1=" " ind2=" ">
    <subfield code="b">BENT</subfield>
    <subfield code="p">4726293-520</subfield>
    <subfield code="z">v.16:no.7(2004:Dec. 16)</subfield>
  </datafield>
  <datafield tag="955" ind1=" " ind2=" ">
    <subfield code="b">BENT</subfield>
    <subfield code="p">4726293-530</subfield>
    <subfield code="z">v.16:no.8(2004:Dec. 23)</subfield>
  </datafield>
  <datafield tag="955" ind1=" " ind2=" ">
    <subfield code="b">BENT</subfield>
    <subfield code="p">4726293-540</subfield>
    <subfield code="z">v.16:no.9(2004:Dec. 30)</subfield>
  </datafield>
  <datafield tag="955" ind1=" " ind2=" ">
    <subfield code="b">BENT</subfield>
    <subfield code="p">4726293-550</subfield>
    <subfield code="z">v.16:no.10(2005:Jan. 06)</subfield>
  </datafield>
  <datafield tag="955" ind1=" " ind2=" ">
    <subfield code="b">BENT</subfield>
    <subfield code="p">4726293-560</subfield>
    <subfield code="z">v.16:no.11(2005:Jan. 13)</subfield>
  </datafield>
  <datafield tag="955" ind1=" " ind2=" ">
    <subfield code="b">BENT</subfield>
    <subfield code="p">4726293-570</subfield>
    <subfield code="z">v.16:no.12(2005:Jan. 20)</subfield>
  </datafield>
  <datafield tag="955" ind1=" " ind2=" ">
    <subfield code="b">BENT</subfield>
    <subfield code="p">4726293-580</subfield>
    <subfield code="z">v.16:no.13(2005:Jan. 27)</subfield>
  </datafield>
  <datafield tag="955" ind1=" " ind2=" ">
    <subfield code="b">BENT</subfield>
    <subfield code="p">4726293-590</subfield>
    <subfield code="z">v.16:no.14(2005:Feb. 03)</subfield>
  </datafield>
  <datafield tag="955" ind1=" " ind2=" ">
    <subfield code="b">BENT</subfield>
    <subfield code="p">4726293-600</subfield>
    <subfield code="z">v.16:no.15(2005:Feb. 10)</subfield>
  </datafield>
  <datafield tag="955" ind1=" " ind2=" ">
    <subfield code="b">BENT</subfield>
    <subfield code="p">4726293-610</subfield>
    <subfield code="z">v.16:no.16(2005:Feb. 17)</subfield>
  </datafield>
  <datafield tag="955" ind1=" " ind2=" ">
    <subfield code="b">BENT</subfield>
    <subfield code="p">4726293-620</subfield>
    <subfield code="z">v.16:no.17(2005:Feb. 24)</subfield>
  </datafield>
  <datafield tag="955" ind1=" " ind2=" ">
    <subfield code="b">BENT</subfield>
    <subfield code="p">4726293-630</subfield>
    <subfield code="z">v.16:no.18(2005:Mar. 03)</subfield>
  </datafield>
  <datafield tag="955" ind1=" " ind2=" ">
    <subfield code="b">BENT</subfield>
    <subfield code="p">4726293-640</subfield>
    <subfield code="z">v.16:no.19(2005:Mar. 10)</subfield>
  </datafield>
  <datafield tag="955" ind1=" " ind2=" ">
    <subfield code="b">BENT</subfield>
    <subfield code="p">4726293-650</subfield>
    <subfield code="z">v.16:no.20(2005:Mar. 17)</subfield>
  </datafield>
  <datafield tag="955" ind1=" " ind2=" ">
    <subfield code="b">BENT</subfield>
    <subfield code="p">4726293-660</subfield>
    <subfield code="z">v.16:no.21(2005:Mar. 24)</subfield>
  </datafield>
  <datafield tag="955" ind1=" " ind2=" ">
    <subfield code="b">BENT</subfield>
    <subfield code="p">4726293-670</subfield>
    <subfield code="z">v.16:no.22(2005:Mar. 31)</subfield>
  </datafield>
  <datafield tag="955" ind1=" " ind2=" ">
    <subfield code="b">BENT</subfield>
    <subfield code="p">4726293-680</subfield>
    <subfield code="z">v.16:no.23(2005:April 07)</subfield>
  </datafield>
  <datafield tag="955" ind1=" " ind2=" ">
    <subfield code="b">BENT</subfield>
    <subfield code="p">4726293-690</subfield>
    <subfield code="z">v.16:no.24(2005:April 14)</subfield>
  </datafield>
  <datafield tag="955" ind1=" " ind2=" ">
    <subfield code="b">BENT</subfield>
    <subfield code="p">4726293-700</subfield>
    <subfield code="z">v.16:no.25(2005:April 21)</subfield>
  </datafield>
  <datafield tag="955" ind1=" " ind2=" ">
    <subfield code="b">BENT</subfield>
    <subfield code="p">4726293-710</subfield>
    <subfield code="z">v.16:no.26(2005:April 28)</subfield>
  </datafield>
  <datafield tag="955" ind1=" " ind2=" ">
    <subfield code="b">BENT</subfield>
    <subfield code="p">4726293-720</subfield>
    <subfield code="z">v.16:no.27(2005:May 05)</subfield>
  </datafield>
  <datafield tag="955" ind1=" " ind2=" ">
    <subfield code="b">BENT</subfield>
    <subfield code="p">4726293-730</subfield>
    <subfield code="z">v.16:no.28(2005:May 12)</subfield>
  </datafield>
  <datafield tag="955" ind1=" " ind2=" ">
    <subfield code="b">BENT</subfield>
    <subfield code="p">4726293-740</subfield>
    <subfield code="z">v.16:no.29(2005:May 19)</subfield>
  </datafield>
  <datafield tag="955" ind1=" " ind2=" ">
    <subfield code="b">BENT</subfield>
    <subfield code="p">4726293-750</subfield>
    <subfield code="z">v.16:no.30(2005:May 26)</subfield>
  </datafield>
  <datafield tag="955" ind1=" " ind2=" ">
    <subfield code="b">BENT</subfield>
    <subfield code="p">4726293-760</subfield>
    <subfield code="z">v.16:no.31(2005:Jun. 02)</subfield>
  </datafield>
  <datafield tag="955" ind1=" " ind2=" ">
    <subfield code="b">BENT</subfield>
    <subfield code="p">4726293-770</subfield>
    <subfield code="z">v.16:no.32(2005:Jun. 09)</subfield>
  </datafield>
  <datafield tag="955" ind1=" " ind2=" ">
    <subfield code="b">BENT</subfield>
    <subfield code="p">4726293-780</subfield>
    <subfield code="z">v.16:no.33(2005:Jun. 16)</subfield>
  </datafield>
  <datafield tag="955" ind1=" " ind2=" ">
    <subfield code="b">BENT</subfield>
    <subfield code="p">4726293-790</subfield>
    <subfield code="z">v.16:no.34(2005:Jun. 23)</subfield>
  </datafield>
  <datafield tag="955" ind1=" " ind2=" ">
    <subfield code="b">BENT</subfield>
    <subfield code="p">4726293-800</subfield>
    <subfield code="z">v.16:no.35(2005:Jun. 30)</subfield>
  </datafield>
  <datafield tag="955" ind1=" " ind2=" ">
    <subfield code="b">BENT</subfield>
    <subfield code="p">4726293-810</subfield>
    <subfield code="z">v.16:no.36(2005:Jul. 07)</subfield>
  </datafield>
  <datafield tag="955" ind1=" " ind2=" ">
    <subfield code="b">BENT</subfield>
    <subfield code="p">4726293-820</subfield>
    <subfield code="z">v.16:no.37(2005:Jul. 14)</subfield>
  </datafield>
  <datafield tag="955" ind1=" " ind2=" ">
    <subfield code="b">BENT</subfield>
    <subfield code="p">4726293-830</subfield>
    <subfield code="z">v.16:no.38(2005:Jul. 21)</subfield>
  </datafield>
  <datafield tag="955" ind1=" " ind2=" ">
    <subfield code="b">BENT</subfield>
    <subfield code="p">4726293-840</subfield>
    <subfield code="z">v.16:no.39(2005:Jul. 28)</subfield>
  </datafield>
  <datafield tag="955" ind1=" " ind2=" ">
    <subfield code="b">BENT</subfield>
    <subfield code="p">4726293-850</subfield>
    <subfield code="z">v.16:no.40(2005:Aug. 04)</subfield>
  </datafield>
  <datafield tag="955" ind1=" " ind2=" ">
    <subfield code="b">BENT</subfield>
    <subfield code="p">4726293-860</subfield>
    <subfield code="z">v.16:no.41(2005:Aug. 11)</subfield>
  </datafield>
  <datafield tag="955" ind1=" " ind2=" ">
    <subfield code="b">BENT</subfield>
    <subfield code="p">4726293-870</subfield>
    <subfield code="z">v.16:no.42(2005:Aug. 18)</subfield>
  </datafield>
  <datafield tag="955" ind1=" " ind2=" ">
    <subfield code="b">BENT</subfield>
    <subfield code="p">4726293-880</subfield>
    <subfield code="z">v.16:no.43(2005:Aug. 25)</subfield>
  </datafield>
  <datafield tag="955" ind1=" " ind2=" ">
    <subfield code="b">BENT</subfield>
    <subfield code="p">4726293-890</subfield>
    <subfield code="z">v.16:no.44(2005:Sep. 01)</subfield>
  </datafield>
  <datafield tag="955" ind1=" " ind2=" ">
    <subfield code="b">BENT</subfield>
    <subfield code="p">4726293-900</subfield>
    <subfield code="z">v.16:no.45(2005:Sep. 08)</subfield>
  </datafield>
  <datafield tag="955" ind1=" " ind2=" ">
    <subfield code="b">BENT</subfield>
    <subfield code="p">4726293-910</subfield>
    <subfield code="z">v.16:no.46(2005:Sep. 15)</subfield>
  </datafield>
  <datafield tag="955" ind1=" " ind2=" ">
    <subfield code="b">BENT</subfield>
    <subfield code="p">4726293-920</subfield>
    <subfield code="z">v.16:no.47(2005:Sep. 22)</subfield>
  </datafield>
  <datafield tag="955" ind1=" " ind2=" ">
    <subfield code="b">BENT</subfield>
    <subfield code="p">4726293-930</subfield>
    <subfield code="z">v.16:no.48(2005:Sep. 29)</subfield>
  </datafield>
  <datafield tag="955" ind1=" " ind2=" ">
    <subfield code="b">BENT</subfield>
    <subfield code="p">4726293-940</subfield>
    <subfield code="z">v.16:no.49(2005:Oct. 06)</subfield>
  </datafield>
  <datafield tag="955" ind1=" " ind2=" ">
    <subfield code="b">BENT</subfield>
    <subfield code="p">4726293-950</subfield>
    <subfield code="z">v.16:no.50(2005:Oct. 13)</subfield>
  </datafield>
  <datafield tag="955" ind1=" " ind2=" ">
    <subfield code="b">BENT</subfield>
    <subfield code="p">4726293-960</subfield>
    <subfield code="z">v.16:no.51(2005:Oct. 20)</subfield>
  </datafield>
  <datafield tag="955" ind1=" " ind2=" ">
    <subfield code="b">BENT</subfield>
    <subfield code="p">4726293-970</subfield>
    <subfield code="z">v.16:no.52(2005:Oct. 27)</subfield>
  </datafield>
  <datafield tag="955" ind1=" " ind2=" ">
    <subfield code="b">BENT</subfield>
    <subfield code="p">4726293-980</subfield>
    <subfield code="z">v.16:no.53(2005:Nov. 03)</subfield>
  </datafield>
  <datafield tag="955" ind1=" " ind2=" ">
    <subfield code="b">BENT</subfield>
    <subfield code="p">4726293-990</subfield>
    <subfield code="z">v.16:no.54(2005:Nov. 10)</subfield>
  </datafield>
  <datafield tag="955" ind1=" " ind2=" ">
    <subfield code="b">BENT</subfield>
    <subfield code="p">B1973415</subfield>
  </datafield>
  <datafield tag="955" ind1=" " ind2=" ">
    <subfield code="b">BENT</subfield>
    <subfield code="p">B2441045</subfield>
    <subfield code="z">v.17:no.7(2005:Dec. 15)</subfield>
  </datafield>
</record>
